@inproceedings{file1,
  title={The advantages and disadvantages of remote working from the perspective of young employees},
  author={Magdalena Klopotek},
  year={2017},
  url={https://api.semanticscholar.org/CorpusID:224064371}
}

@article{file2,
  author    = {Gibson, Cristina B. and Gilson, Lucy L. and Griffith, Terri L. and O'Neill, Thomas A.},
  title     = {Should employees be required to return to the office?},
  journal   = {Organizational Dynamics},
  year      = {2023},
  volume    = {52},
  number    = {2},
  pages     = {100981},
  doi       = {10.1016/j.orgdyn.2023.100981}
}


@article{file3,
  title     = {A Causal Study On Hybrid Model And Its Impact On Employee Job Performance},
  journal   = {Journal of Pharmaceutical Negative Results},
  year      = {2022},
  month     = {November},
  pages     = {866--873},
  doi       = {10.47750/pnr.2022.13.S09.104}
}

@article{file4,
author = {Songsangyos, Pradit and Iamamporn, Supakorn},
year = {2022},
month = {07},
pages = {85-88},
title = {Remote Working with Work-life Balance},
volume = {9}
}